@article{childs_theory_2021,
	title = {Theory of {Trotter} {Error} with {Commutator} {Scaling}},
	volume = {11},
	issn = {2160-3308},
	url = {https://link.aps.org/doi/10.1103/PhysRevX.11.011020},
	doi = {10.1103/PhysRevX.11.011020},
	language = {en},
	number = {1},
	urldate = {2023-10-08},
	journal = {Physical Review X},
	author = {Childs, Andrew M. and Su, Yuan and Tran, Minh C. and Wiebe, Nathan and Zhu, Shuchen},
	month = feb,
	year = {2021},
	keywords = {Trotter optimization},
	pages = {011020},
	file = {전문(全文):C\:\\Users\\cmat411a\\Zotero\\storage\\S7K9QZ7T\\Childs 등 - 2021 - Theory of Trotter Error with Commutator Scaling.pdf:application/pdf},
}

@misc{dewolf2023quantumcomputinglecturenotes,
      title={Quantum Computing: Lecture Notes}, 
      author={Ronald de Wolf},
      year={2023},
      eprint={1907.09415},
      archivePrefix={arXiv},
      primaryClass={quant-ph},
      url={https://arxiv.org/abs/1907.09415}, 
}

@article{Low_2019,
   title={Hamiltonian Simulation by Qubitization},
   volume={3},
   ISSN={2521-327X},
   url={http://dx.doi.org/10.22331/q-2019-07-12-163},
   DOI={10.22331/q-2019-07-12-163},
   journal={Quantum},
   publisher={Verein zur Forderung des Open Access Publizierens in den Quantenwissenschaften},
   author={Low, Guang Hao and Chuang, Isaac L.},
   year={2019},
   month=jul, pages={163} }

@article{PhysRevLett.114.090502,
  title = {Simulating Hamiltonian Dynamics with a Truncated Taylor Series},
  author = {Berry, Dominic W. and Childs, Andrew M. and Cleve, Richard and Kothari, Robin and Somma, Rolando D.},
  journal = {Phys. Rev. Lett.},
  volume = {114},
  issue = {9},
  pages = {090502},
  numpages = {5},
  year = {2015},
  month = {Mar},
  publisher = {American Physical Society},
  doi = {10.1103/PhysRevLett.114.090502},
  url = {https://link.aps.org/doi/10.1103/PhysRevLett.114.090502}
}

@inproceedings{Berry_2014, 
  series={STOC ’14},
   title={Exponential improvement in precision for simulating sparse Hamiltonians},
   url={http://dx.doi.org/10.1145/2591796.2591854},
   DOI={10.1145/2591796.2591854},
   booktitle={Proceedings of the forty-sixth annual ACM symposium on Theory of computing},
   publisher={ACM},
   author={Berry, Dominic W. and Childs, Andrew M. and Cleve, Richard and Kothari, Robin and Somma, Rolando D.},
   year={2014},
   month=may, collection={STOC ’14} }
